@Book{CLR,
  author = 	 {Thomas H. Cormen and Charles E. Leiserson and Ronald L. Rivest},
  title = 	 {Introduction to Algorithms},
  year = 	 {1990},
  publisher = {The MIT Press},
  location =  {Cambridge, Massachusetts},
}

@Online{DNA,
  author = 	 {Gopal Pandurangan},
  title = 	 {Distributed Network Algorithms},
  date = 	 {2019-02-20},
  url = 	 {https://sites.google.com/site/gopalpandurangan/dna},
  urldate = 	 {2019-03-01}
}

@Misc{LectureNotesA,
  author = 	 {Gopal Pandurangan},
  title = 	 {COSC-6326 Distributed Algorithms},
  subtitle =     {Spring 2019},
  date = 	 {2017-01-17},
  howpublished = {Lecture Notes}
}

@Book{Solomon,
  author = 	 {Frederick Solomon},
  title = 	 {Probability and Stochastic Processes},
  year = 	 {1987},
  publisher =    {Prentice Hall, Inc.},
  location =     {Upper Saddle River, NJ}
}
